<?xml version="1.0" encoding="UTF-8"?><collection xmlns="http://www.loc.gov/MARC21/slim"><record><leader>00513nam--2200181-i-4500</leader><controlfield tag="001">000042026</controlfield><controlfield tag="002">20161230</controlfield><controlfield tag="005">20161230201043</controlfield><controlfield tag="008">060222s1000------------r-----000-0-eng-d</controlfield><datafield ind1=" " ind2=" " tag="040"><subfield code="a">IFIN-HH</subfield></datafield><datafield ind1=" " ind2=" " tag="080"><subfield code="a">517.512.2:517.75</subfield></datafield><datafield ind1="1" ind2=" " tag="100"><subfield code="a">Sneddon,Ian N</subfield></datafield><datafield ind1="1" ind2="0" tag="245"><subfield code="a">Fourier transforms</subfield><subfield code="c">Ian n. sneddon</subfield></datafield><datafield ind1=" " ind2=" " tag="260"><subfield code="a">LONDON</subfield><subfield code="b">Mcgraw-hill Book Company, Inc</subfield><subfield code="c">1951</subfield></datafield><datafield ind1=" " ind2=" " tag="300"><subfield code="a">XII + 542 P</subfield></datafield><datafield ind1=" " ind2=" " tag="490"><subfield code="a">International Series On Pure And Applied Mafthematics</subfield></datafield><datafield ind1=" " ind2=" " tag="852"><subfield code="a">10293</subfield><subfield code="c">517.63</subfield></datafield><datafield ind1=" " ind2=" " tag="CAT"><subfield code="a">Sys</subfield><subfield code="c">20101217</subfield><subfield code="h">133503</subfield></datafield></record></collection>